<?xml version="1.0" encoding="UTF-8"?><collection xmlns="http://www.loc.gov/MARC21/slim"><record><leader>00545nam--2200169-u-4500</leader><controlfield tag="001">000055543</controlfield><controlfield tag="002">20161230</controlfield><controlfield tag="005">20161230201052</controlfield><controlfield tag="008">130220s1000------------r-----000-0-eng-d</controlfield><datafield ind1=" " ind2=" " tag="040"><subfield code="a">IFIN-HH</subfield></datafield><datafield ind1=" " ind2=" " tag="080"><subfield code="a">413.232</subfield></datafield><datafield ind1="1" ind2=" " tag="100"><subfield code="a">Bunin, D.A</subfield></datafield><datafield ind1="1" ind2="0" tag="245"><subfield code="a">Kleines deutsch-russisches worterbuch der automatisierung, fernsteuerung, fernmessung und fernmeldung</subfield><subfield code="b">Kratkii nemetko-russkii po avtomatike i telemahanike</subfield><subfield code="c">D.a. bunin, a.a. schubin</subfield></datafield><datafield ind1=" " ind2=" " tag="260"><subfield code="a">Moskva</subfield><subfield code="c">1962</subfield></datafield><datafield ind1="1" ind2=" " tag="700"><subfield code="a">Schubin, A.A</subfield></datafield><datafield ind1=" " ind2=" " tag="852"><subfield code="a">D.263</subfield><subfield code="c">SLT</subfield></datafield><datafield ind1=" " ind2=" " tag="CAT"><subfield code="a">Sys</subfield><subfield code="c">20130220</subfield><subfield code="h">134647</subfield></datafield></record></collection>